@article{sorscher:2023:unified_theory,
    author = {},
    title = {A unified theory for the computational and mechanistic origins of grid cell},
    journal = {Cell Press},
    year = {2023}
}